@article{iea24,
    author = {{International Energy Agency}},
    title = {Trends in electric cars: Nearly one in five cars sold in 2023 was electric},
    year = {2024},
    journal = {{Global EV Outlook 2024}},
    url = {https://www.iea.org/reports/global-ev-outlook-2024/trends-in-electric-cars},
}
@article{doe23,
    author = {{US Department of Energy}},
    title = {Electric Vehicle Battery Pack Costs for a Light-Duty Vehicle in 2023 Are 90\% Lower than in 2008, according to DOE Estimates},
    journal = {Fact of the Week},
    year = {2024},
    url = {https://www.energy.gov/eere/vehicles/articles/fotw-1354-august-5-2024-electric-vehicle-battery-pack-costs-light-duty},
}

@misc{doe23b,
    author = {{US Department of Energy}},
    title = {Lightweight and Propulsion Materials},
    year = {2023},
    howpublished = {Post},
    url = {https://www.energy.gov/eere/vehicles/lightweight-and-propulsion-materials},
}

@article{iea23,
    author = {{International Energy Agency}},
    title = {Trends in electric light-duty vehicles: Growth remained steady in Europe despite disruptions},
    journal = {{Global EV Outlook 2023}},
    year = {2023},
    url = {https://www.iea.org/reports/global-ev-outlook-2023/trends-in-electric-light-duty-vehicles},
}
@techreport{nrel23,
    author = {Aaron David Brooker and Jacob Ward and Lijuan Wang},
    title = {Lightweighting Impacts on Fuel Economy, Cost, and Component Losses},
    institution = {SAE International},
    year = {2013},
    url = {https://saemobilus.sae.org/papers/lightweighting-impacts-fuel-economy-cost-component-losses-2013-01-0381},
}
@article{segye24,
    author = {{김선영}},
    title = {전기차, 얼마면 사시겠습니까?…86\%가 희망한 가격은},
    year = {2024},
    journal = {세계비즈},
    url = {https://www.segye.com/newsView/20240228510078},
}

@article{glider12,
    author = {Kangda Chen and Fuquan Zhao and Han Hao and Zongwei Liu},
    title = {Synergistic Impacts of China's Subsidy Policy and New Energy Vehicle Credit Regulation on the Technological Development of Battery Electric Vehicles},
    year = {2018},
    journal = {Energies},
    url = {https://www.mdpi.com/1996-1073/11/11/3193#:~:text=Class%20Glider%20Weight%20,8},
}

@techreport{lifecycle1000,
    author = {Jon Witt},
    title = {EV Battery Health after 250 Million Electric Car Miles},
    year = {2023},
    institution = {Recurrent},
    url = {https://www.recurrentauto.com/research/lessons-in-electric-car-battery-health#:~:text=degrade%20enough%20within%20two%20years,to%20last%20over%201000%20cycles},
}

@article{90percentefficiency,
    author = {Ehsan Sabri Islam and Ram Vijayagopal and Aymeric Rousseau},
    title = {Charting the Path to Electrification: Analyzing the Economic and Technological Potential of Advanced Vehicle Powertrains},
    year = {2025},
    journal = {World Electric Vehicle Journal},
    url = {https://www.mdpi.com/2032-6653/16/2/77#:~:text=,%282050},
}

@techreport{65perconcreteand344percentasphalt,
    author = {{문기훈}},
    title = {Digital\&Graphic 기술 기반 효율적 고속도로 포장 상태 운영 관리를 위한 제안: 스마트 포장 관리 통합 플랫폼},
    year = {2015},
    institution = {한국도로교통공단},
    url = {https://www.kroad.or.kr/journal/173th_03article_tech1.pdf},
}

@article{Frontalarea22,
    author = {Aleksandar V. Manojlovic and Olivera M. Medar and Aleksandar S. Anđelković and Mladen Aleksa Tomić},
    title = {Environmental impact assessment of the electric vehicles: A case study},
    year = {2023},
    journal = {Energy Sources},
    url = {https://www.tandfonline.com/doi/full/10.1080/15567036.2023.2173342},
}

@misc{4080capacity,
    author = {Electric Vehicle Database},
    howpublished = {Website},
    title = {Useable battery capacity of full electric vehicles},
    year = {2024},
    url = {https://ev-database.org/cheatsheet/useable-battery-capacity-electric-car},
}

@article{140000KRW,
    author = {Oktavia Catsaros},
    title = {Lithium-Ion Battery Pack Prices See Largest Drop Since 2017, Falling to \$115 per Kilowatt-Hour},
    year = {2024},
    journal = {BloombergNEF},
    url = {https://about.bnef.com/insights/commodities/lithium-ion-battery-pack-prices-see-largest-drop-since-2017-falling-to-115-per-kilowatt-hour-bloombergnef/},
}
@article{3000perkg,
    author = {C.A. Ungureanu and S. Das and I.S. Jawahir},
    title = {Life-cycle Cost Analysis:  Aluminum versus Steel in Passenger Cars},
    year = {2007},
    journal = {TMS (the minerals, metals \& materials society)},
    url = {https://secat.net/wp-content/uploads/life-cycle-cost-analysis-aluminium-vs-steel-in-passenger-cars.pdf},
}

@misc{350won,
    author = {{무공해차 통합누리집}},
    howpublished = {Website},
    title = {전기차 충전정보},
    year = {2025},
    url = {https://ev.or.kr/nportal/evcarInfo/initEvcarChargePrice.do},
}

@misc{35coefficient,
    author = {{Thermal Engineering}},
    howpublished = {Website},
    title = {What is Drag Coefficient – Drag Area – Cars – Definition},
    year = {2025},
    url = {https://www.thermal-engineering.org/what-is-drag-coefficient-drag-area-cars-definition/},
}

@misc{600krwinfix,
    author = {{Korea Automobile Manufacutrers Association}},
    title = {Korean Auto Industry Outlook 2023},
    year = {2022},
    howpublished = {Monthly Statistics},
    url = {https://www.kama.or.kr/BoardController?cmd=V&boardmaster_id=months_e&gubun=eng&board_id=506&menunum=0081#},
}

@techreport{50percentmargine,
    author = {Achim Tetteh},
    title = {Car Manufacturing Cost Breakdown: How Much Does It Cost?},
    year = {2024},
    institution = {VehicleDatabases},
    url = {https://vehicledatabases.com/articles/car-manufacturing-cost-breakdown},
}

@misc{600additionalexpenses,
    author = {{벼락슈터}},
    title = {수입차/국산차 가격 비교. 1) 자동차의 원가 계산},
    year = {2014},
    howpublished = {Posted on Blog},
    url = {https://blog.naver.com/cater24/140209059245},
}